@book{Gusfield,
    author = {Gusfield, Dan and Irving, Robert W.},
    title = {The Stable Marriage Problem: Structure and Algorithms},
    year = {1989},
    isbn = {0-262-07118-5},
    publisher = {MIT Press},
    address = {Cambridge, MA, USA},
},
@article{Manlove,
    author = {Manlove, David},
    year = {1999},
    month = {02},
    pages = {},
    title = {Stable marriage with ties and unacceptable partners}
}
